<record><leader>00000cas a2200000 a 4500</leader><controlfield tag="001">12660129</controlfield><controlfield tag="008">851011d18841885ksuwr ne      0    0eng d</controlfield><datafield ind1=" " ind2=" " tag="010"><subfield code="a">sn 85032754 </subfield></datafield><datafield ind1=" " ind2=" " tag="040"><subfield code="a">KSH</subfield><subfield code="b">eng</subfield><subfield code="c">KSH</subfield><subfield code="d">NPT</subfield><subfield code="d">OCL</subfield><subfield code="d">OCLCQ</subfield></datafield><datafield ind1=" " ind2=" " tag="042"><subfield code="a">msc</subfield></datafield><datafield ind1="0" ind2=" " tag="130"><subfield code="a">Geuda Springs news (Geuda Springs, Kan. : 1884)</subfield></datafield><datafield ind1="1" ind2="0" tag="245"><subfield code="a">Geuda Springs news.</subfield></datafield><datafield ind1=" " ind2=" " tag="260"><subfield code="a">Geuda Springs, Kan. :</subfield><subfield code="b">W.J. Willard,</subfield><subfield code="c">1884-</subfield></datafield><datafield ind1=" " ind2=" " tag="300"><subfield code="a">v. ;</subfield><subfield code="c">60 cm.</subfield></datafield><datafield ind1=" " ind2=" " tag="310"><subfield code="a">Weekly</subfield></datafield><datafield ind1="0" ind2=" " tag="362"><subfield code="a">Vol. 1, no. 1 (July 3, 1884)-</subfield></datafield><datafield ind1="1" ind2=" " tag="362"><subfield code="a">Ceased in 1885?</subfield></datafield><datafield ind1=" " ind2=" " tag="500"><subfield code="a">Published by: Willard &amp; Hoyt, Jan. 15-Mar. 15, 1885; W.J. Willard, Mar. 26, 1885-</subfield></datafield><datafield ind1=" " ind2=" " tag="500"><subfield code="a">"Progressive, liberal, and independent;" "republican."</subfield></datafield><datafield ind1=" " ind2=" " tag="752"><subfield code="a">United States</subfield><subfield code="b">Kansas</subfield><subfield code="c">Sumner</subfield><subfield code="d">Geuda Springs.</subfield></datafield><datafield ind1="1" ind2=" " tag="029"><subfield code="a">AU@</subfield><subfield code="b">000022166955</subfield></datafield></record>